% Encoding: cp1251
@STRING{ATEC = "Proceedings of the USENIX Annual Technical Conference"}
@STRING{DAC = "Proceedings of the annual Design automation conference"}
@STRING{FPGA = "Proceedings of the annual ACM/SIGDA International Symposium on Field programmable gate arrays"}
@STRING{HPCA = "Proceedings of the annual IEEE International Symposium on High performance computer architecture"}
@STRING{ICCAD = "Proceedings of the annual IEEE/ACM International Conference on Computer-aided design"}
@STRING{ICCD = "Proceedings of the annual IEEE International Conference on Computer design"}
@STRING{IPDPS = "Proceedings of the annual IEEE International Symposium on Parallel and distributed processing"}
@STRING{ISCA = "Proceedings of the annual International Symposium on Computer architecture"}
@STRING{MEMOCODE = "Proceedings of the annual IEEE/ACM international Conference on Formal methods and models for co-design"}
@STRING{MICRO = "Proceedings of the annual IEEE/ACM International Symposium on Microarchitecture"}
@STRING{PLDI = "Proceedings of the ACM SIGPLAN conference on Programming language design and implementation"}
@STRING{SIGMETRICS = "Proceedings of the annual ACM SIGMETRICS Conference on Measurement and modeling of computer systems"}

%%%%%%%%%%%%%%%%%%%%%%
%% OPTIMIZATION MANUALS %%%%%%%%%%%%%
%%%%%%%%%%%%%%%%%%%%%%

@book{intel2013Manual,
    title={Intel 64 and IA-32 Architectures Optimization Reference Manual},
    address={Santa Clara, CA, USA},
    numpages={642},
    language={english},
    year={2013},
    month={June}
}

@book{intel2003Manual,
    title={IA-32 Intel Architecture Optimization},
    address={Santa Clara, CA, USA},
    numpages={470},
    language={english},
    year={2003},
}

@book{amd2012Bulldozer,
    title={Software Optimization Guide for AMD Family 15h Processors},
    address={Sunnyvale, CA, USA},
    numpages={362},
    language={english},
    year={2012},
    month={January}
}


@book{ntissi3015,
   title={Operational Security Doctrine for the Fiber Alarmed Modem ({FAM})-131 Intrusion Detection Optical Communications System ({IDOCS})},
	 organization={NSTISS},
	 year={1991},
	 month={February},
	 numpages={11},
	 lanuage={english}
}



%%%%%%%%%%%%%%%%%%%%%%
%% BOOKS %%%%%%%%%%%%%
%%%%%%%%%%%%%%%%%%%%%%

@book{solomonovich2006ip,
  title={IP-Телефония},
  author={Б. С. Гольдштейн},
  isbn={9785977533416},
	language={russian},
	city={СПб.},
  year={2006},
  publisher={БХВ-Петербург}
}

@book{meggelen2009asterisk,
  title={Asterisk: будущее телефонии: [пер. с англ.]},
  author={Д. Меггелен and Л. Мадсен, and Д. Смит},
  isbn={9785932861288},
	language={russian},
  year={2009}
}

@book{berdyaev,
  title={Смысл творчества. Опыт оправдания человека.},
  author={Н. А. Бердяев},
  year={1916},
	address={Впервые: Москва},
	language={russian},
	pages={358},
	publisher={Г. А. Леман и С. И. Сахаров}
}

@book{landauVI,
  title={Теоретическая физика. Т. VI. Гидродинамика},
  author={Л. Д. Ландау and Е. М. Лившиц},
  address = {М.},
  year={2006},
  edition = {6},
  publisher={Физматлит},
  numpages={731},
  language={russian}
}


@book{hennessy2011computer,
  title={Computer Architecture: A Quantitative Approach},
  author={Hennessy, J. L. and Patterson, D. A.},
  address = {San Francisco, CA, USA},
  series={The Morgan Kaufmann Series in Computer Architecture and Design},
  year={2011},
  edition = {5th},
  publisher={Elsevier Science},
  numpages={856},
  language={english}
}

@book{hohl2009arm,
  title={ARM Assembly Language: Fundamentals and Techniques},
  author={Hohl, W.},
  lccn={2009004458},
  year={2009},
  publisher={CRC PressINC},
  numpages={349},
}

@book{omondi1999microarchitecture,
  title={The Microarchitecture of Pipelined and Superscalar Computers},
  author={Omondi, A.R.},
  lccn={99013874},
  address = {Norwell, MA, USA},
  year={1999},
  publisher={Springer},
  numpages={265},
  language={english}
}

@book{shen2005modern,
  title={Modern Processor Design: Fundamentals of Superscalar Processors},
  author={Shen, J. and Lipasti, M.H.},
  lccn={2004050406},
  address={Dubuque, IA, USA},
  series={Electrical and Computer Engineering},
  year={2005},
  publisher={McGraw-Hill Companies, Incorporated},
  numpages={642},
  language={english}
}

@book{thornton1970design,
  title={Design of a computer: the Control Data 6600},
  author={Thornton, J.E.},
  lccn={74096462},
  address={Glenview, IL, USA},
  year={1970},
  publisher={Scott, Foresman and Company},
  numpages={181},
  language={english}
}

@book{triebel2000itanium,
  title={Itanium architecture for software developers},
  author={Triebel, W.},
  address={Santa Clara, CA, USA},
  series={Engineer-to-Engineer},
  year={2000},
  publisher={Intel Press},
  numpages={308},
  language={english}
}

@book{allen1990probability,
  title={Probability, Statistics, and Queueing Theory: With Computer Science Applications},
  author={Allen, A. O.},
  lccn={90000732},
  series={Computer science and scientific computing},
  address={San Diego, CA, USA},
  numpages={740},
  year={1990},
  publisher={Acadmeic Press, cop.}
}

%%%%%%%%%%%%%%%%%%%%%%
%% ARTICLES %%%%%%%%%%
%%%%%%%%%%%%%%%%%%%%%%

@article{alpert1993pentium,
    title={Architecture of the {Pentium} microprocessor},
    author={Alpert, D. and Avnon, D.},
    journal={IEEE Micro},
    volume={13},
    issue={3},
    year={1993},
    month={June},
    publisher={IEEE Computer Society Press},
    address={Los Alamitos, CA, USA},
    organization={IEEE},
    pages={11--21},
    language={english}
}

@ARTICLE{BabayanE2K,
    title={Main Principle of {E2K} Architecture},
    author={Boris A. Babayan},
    publisher={RON's Datacom Co.},
    journal={Free Software},
    year={2002},
    volume={1},
    issue={2},
    month={February},
    pages={13--26},
    address={Wuhan, Hubei Province, China P. R.},
    language={english}
}

@article{calder2000comparative,
  title={A Comparative Survey of Load Speculation Architectures},
  author={Calder, B. and Reinman, G.},
  journal={Journal of Instruction-Level Parallelism},
  year={2000},
  volume={2},
  language={english}
}

@ARTICLE{emer2002asim,
    author={Emer, J. and Ahuja, P. and Borch, E. and Klauser, A. and Chi-Keung Luk and Manne, S. and Mukherjee, S.S. and Patil, H. and Wallace, S. and Binkert, N. and Espasa, R. and Juan, T.},
    journal={IEEE Computer},
    title={Asim: a performance model framework},
    year={2002},
    volume={35},
    number={2},
    pages={68-76},
    keywords={digital simulation;microcomputers;performance evaluation;Asim;microprocessors;performance model framework;performance modeling;reusability;Analytical models;Context modeling;Hardware;Microprocessors;Predictive models;Propagation delay;Software performance;Software reusability;Software tools;Timing},
    doi={10.1109/2.982918},
    ISSN={0018-9162},
}

@article{performancecharacterization,
  author = {Bird, Sarah and Phansalkar, Aashish and John, Lizy K. and Mericas, Alex and Indukuru, Rajeev},
  title = {Performance Characterization of {SPEC} {CPU} Benchmarks on {Intel's} {Core} Microarchitecture based processor},
  journal = {SPEC Benchmark Workshop},
  year = {2007},
  month = {January},
  language={english}
}

@article{tomasulo1967efficient,
  title={An Efficient Algorithm for Exploiting Multiple Arithmetic Units},
  author={Tomasulo, R. M.},
  journal={IBM Journal of Research and Development},
  volume={11},
  issue={1},
  year={1967},
  month={January},
  pages={25--33},
  organization={IBM Corp},
  language={english}
}

@article{boos2005,
	title={Анализ проблем обеспечения безопасности информации, передаваемой по оптическим каналам связи, и пути их решения},
	author={Боос, А. В. and Шухардин, О. Н.},
	journal={Информационное противодействие угрозам терроризма},
	pages={162},
	number={5},
	language={russian},
	year={2005}
}

@article{dotsenko1999,
  title={Безопасность оптоволоконных кабельных систем},
	author={Доценко, С. М.},
	journal={Конфидент},
	number={6},
	language={russian},
	year={1999},
  pages={25--33},
}

@article{korolkov1997,
  title={Проблемы защиты информации, передаваемой по волоконно-оптическим линиям связи, от несанкционированного доступа},
	author={Корольков, А. В. and Кращенко, И. А. and Матюхин, В. Г. and Синев C. Г.},
	journal={Информационное общество},
	number={1},
	language={russian},
	year={1997},
  pages={74--77}
}

@ARTICLE{Townsend1993, 
    author={Townsend, P.D. and Rarity, J.G. and Tapster, P.R.}, 
    journal={Electronics Letters}, 
    title={Single photon interference in 10 km long optical fibre interferometer}, 
    year={1993}, 
    month={April}, 
    volume={29}, 
    number={7}, 
    pages={634-635}, 
    keywords={avalanche photodiodes;cryptography;elemental semiconductors;germanium;light interferometers;optical communication;optical communication equipment;1.3 micron;10 km;APD;Ge avalanche photodiode;experiment;long optical fibre interferometer;pulsed semiconductor laser source;quantum cryptography systems;secret key transmission;semiconductors;single photon interference;single-photon counting scheme;wavelength}, 
    doi={10.1049/el:19930424}, 
    ISSN={0013-5194},
}

@article{kath1998,
    author={Kath, Bill and Kath, Bonnie}, 
    title={Making Waves: Solitons and Their Optical Applications},
    journal={Society for Industrial and Applied Mathematics News},
    volume={31},
    number={2},
    year={1998},
    month={March},
}

@article{sabynin2001,
    author={Сабынин, В. Н.},
    title={Специалисты, давайте говорить на одном языке и понимать друг друга},
    journal={Инфомост "--- средства связи},    
	language={russian},
    number={13},
    year={2001}
}
   
%%%%%%%%%%%%%%%%%%%%%%%%%%%%%%%%%%%%
%%%%      MEMORY DEPENDENCY     %%%%
%%%% ARTICLES AND INPROCEEDINGS %%%%
%%%%%%%%%%%%%%%%%%%%%%%%%%%%%%%%%%%%

@inproceedings{chrysos1998memory,
  title={Memory dependence prediction using store sets},
  author={Chrysos, George Z and Emer, Joel S},
  booktitle={ACM SIGARCH Computer Architecture News},
  volume={26},
  number={3},
  pages={142--153},
  year={1998},
  organization={IEEE Computer Society}
}

@inproceedings{moshovos1997streamlining,
  title={Streamlining inter-operation memory communication via data dependence prediction},
  author={Moshovos, Andreas and Sohi, Gurindar S},
  booktitle={Proceedings of the 30th annual ACM/IEEE international symposium on Microarchitecture},
  pages={235--245},
  year={1997},
  organization={IEEE Computer Society}
}

@article{tyson1999memory,
  title={Memory renaming: Fast, early and accurate processing of memory communication},
  author={Tyson, Gary S and Austin, Todd M},
  journal={International Journal of Parallel Programming},
  volume={27},
  number={5},
  pages={357--380},
  year={1999},
  publisher={Springer}
}

@inproceedings{sha2006nosq,
  title={No{S}{Q}: Store-load communication without a store queue},
  author={Sha, Tingting and Martin, Milo MK and Roth, Amir},
  booktitle={Proceedings of the 39th Annual IEEE/ACM International Symposium on Microarchitecture},
  pages={285--296},
  year={2006},
  organization={IEEE Computer Society}
}

@INPROCEEDINGS{yoaz1999speculation, 
    author={Yoaz, A. and Erez, M. and Ronen, R. and Jourdan, S.}, 
    booktitle={Computer Architecture, 1999. Proceedings of the 26th International Symposium on}, 
    title={Speculation techniques for improving load related instruction scheduling}, 
    year={1999}, 
    month={}, 
    pages={42-53}, 
    keywords={microprocessor chips;performance evaluation;processor scheduling;resource allocation;cache-bank prediction;dependencies;dynamic latencies;instruction scheduler;latencies;load related instruction scheduling;memory disambiguation mechanism;microprocessors;multi-banked cache;out-of-order engine;pipelines;resource availability;speculation techniques;Availability;Bandwidth;Delay;Dispatching;Dynamic scheduling;Engines;Microprocessors;Out of order;Pipelines;Processor scheduling}, 
    doi={10.1109/ISCA.1999.765938}, 
    ISSN={1063-6897},
}

@INPROCEEDINGS{jourdan1998anovel, 
    author={Jourdan, S. and Ronen, R. and Bekerman, M. and Shomar, B. and Yoaz, A.}, 
    booktitle={Microarchitecture, 1998. MICRO-31. Proceedings. 31st Annual ACM/IEEE International Symposium on}, 
    title={A novel renaming scheme to exploit value temporal locality through physical register reuse and unification}, 
    year={1998}, 
    month={Nov}, 
    pages={216-225}, 
    keywords={microprogramming;Physical Register Reuse;dependency redirection;register and memory renaming;register reuse;renaming scheme;renaming schemes;result reuse;unification;value temporal locality;Ear;Electronic switching systems;Hardware;Lab-on-a-chip;Pipelines;Read only memory;Registers}, 
    doi={10.1109/MICRO.1998.742783}, 
    ISSN={1072-4451},
}

%%%%%%%%%%%%%%%%%%%%%%
%% INPROCEEDINGS %%%%%
%%%%%%%%%%%%%%%%%%%%%%

@inproceedings{wang2002,
 author = {Wang, Zhenlin and McKinley, Kathryn S. and Rosenberg, Arnold L. and Weems, Charles C.},
 title = {Using the Compiler to Improve Cache Replacement Decisions},
 booktitle = {Proceedings of the 2002 International Conference on Parallel Architectures and Compilation Techniques},
 series = {PACT '02},
 year = {2002},
 isbn = {0-7695-1620-3},
 pages = {199--},
 acmid = {674328},
 publisher = {IEEE Computer Society},
 address = {Washington, DC, USA},
} 


@inproceedings{Papamarcos1984,
  doi = {10.1145/800015.808204},
  year  = {1984},
  publisher = {Association for Computing Machinery ({ACM})},
  author = {Mark S. Papamarcos and Janak H. Patel},
  title = {A low-overhead coherence solution for multiprocessors with private cache memories},
  booktitle = {Proceedings of the 11th annual international symposium on Computer architecture - {ISCA} {\textquotesingle}84}
}

@inproceedings{emer2007latebinding,
  author={Sethumadhavan, S. and Roesner, F. and Emer, Joel S. and Burger, D. and Keckler, S. W.},
  title={Late-binding: enabling unordered load-store queues},
  booktitle=ISCA,
  year={2007},
  month={June},
  pages={347--357},
  language={english}
}

@inproceedings{kim2002isa,
  author={Kim, H. S. and Smith, J. E.},
  title={An instruction set and microarchitecture for instruction level distributed processing},
  booktitle=ISCA,
  year={2002},
  month={May},
  pages={71--81},
  language={english}
}

@inproceedings{smith1981branch,
  title={A study of branch prediction strategies},
  author={James E. Smith},
  booktitle=ISCA,
  year={1981},
  pages={135--148},
  language={english}
}

@inproceedings{weaver2009density,
  title={Code Density Concerns for New Architectures},
  author={Weaver, V. M. and McKee, S. A.},
  booktitle=ICCD,
  year={2009},
  month={October},
  pages={459--464},
  language={english}
}

%%%%%%%%%%%
%%DISS%%%%%
%%%%%%%%%%%

@phdthesis{goeddeke2011fast,
  title={Fast and Accurate Finite-Element Multigrid Solvers for PDE Simulations on GPU Clusters},
  author={G{\"o}ddeke, Dominik},
  type={{Ph.\,D.} thesis},
  school={{T}echnische {U}niversit{\"a}t Dortmund, {F}akult{\"a}t f{\"u}r {M}athematik},
  year={2010},
  month={May},
  publisher={Logos Verlag Berlin},
  address={Berlin, Bundesrepublik Deutschland},
  numpages={299}
}

%%%%%%%%%%%
%% WEB %%%%
%%%%%%%%%%%


@online{safetysource1,
    title = {Lenta.ru: {В} американской начальной школе убиты 20 детей},
    language={russian},
    url = {lenta.ru/articles/2012/12/15/newtown}
}

@online{safetysource2,
    title = {Lenta.ru: {М}осковский юрист объявил войну человечеству и убил шестерых коллег},
    language={russian},
    url = {lenta.ru/articles/2012/11/08/vinogradov}
}

@online{safetysource3,
    title = {Carrying a gun increases risk of getting shot and killed},
    language={english},
    url = {www.newscientist.com/article/dn17922}
}

@online{safetysource4,
    title = {{О}ружейная компания <<{Н}овые оружейные технологии>>},
    language={russian},
    url = {www.tnwt.ru}
}

@online{safetysource5,
    title = {{О}писание {М}{Р}-461 на сайте производителя},
    language={russian},
    url = {baikalinc.ru/ru/info/mr461.html}
}

@online{safetysource6,
    title = {{И}нформационный портал <<{О}руженосец>>},
    language={russian},
    url = {www.oruzhenosez.ru/09osa.html}
}

@online{safetysource7,
    title = {{М}етодическое пособие <<{С}лужебное оружие>> {У}{М}{Ц} <<{К}аскад>>},
    language={russian},
    url = {www.kaskad-umc.ru/kaskad/posobija/slugebnoe_orugie/3},}
}

@online{safetysource8,
    title = {{О}фициальный сайт пистолета <<{М}акарыч>>},
    language={russian},
    url = {www.makarych.ru/rus/techinfo/upgraded/index.htm}
}

@online{safetysource9,
    title = {NewsInfo.ru: {Р}оссиян вооружили предметами, похожими на оружие},
    language={russian},
    url = {www.newsinfo.ru/articles/2004-08-15/item/524877}
}

@online{safetysource10,
    title = {Lenta.ru: {М}{В}{Д} назвало количество погибших от травматического оружия},
    language={russian},
    url = {lenta.ru/news/2010/12/29/victims}
}

@online{safetysource11,
    title = {{OHRANA.RU}: {З}ащищаться с помощью травматики разрешат только трезвым},
    language={russian},
    url = {ohrana.ru/news/33500}
}

@online{safetysource12,
    title = {Lenta.ru: {М}осквичке дали три года за защиту приятелей},
    language={russian},
    url = {lenta.ru/articles/2013/03/20/lotkova},
}

@online{safetysource13,
    title = {{С}татистика самообороны с травматическим оружием},
    language={russian},
    url = {www.defenseweapon.ru/self-defense-statistics.html}
}

@online{safetysource14,
    title = {{Ф}едерация стрельбы {У}краины: <<{Т}равматика на практике>>},
    language={russian},
    url = {www.shooting-ua.com/force_shooting/practice_book_24.htm}
}


@online{h323plus,
	url={http://www.h323plus.org/},
	title={Сайт разработчиков {H.323} {Plus}},
	language={russian},
}

@online{jsonmarkets,
   title={Российский и мировой рынок {IP}-телефонии в корпоративном и частном сегментах},
	 url={http://www.json.ru/poleznye_materialy/free_market_watches/analytics/rossijskij_i_mirovoj_rynok_ip-telefonii_v_korporativnom_i_chastnom_segmentah/},
   language={russian},
	 author="{J'son \& Partners}",
}

@online{discovery,
    title={Российский рынок {IP}-телефонии},
		url={http://marketing.rbc.ru/news_research/27/06/2013/562949987585452.shtml},
	  language={russian},
	  author="{DISCOVERY Research Group}",
}

